@article{SILVA2012513,
title = "A simple and effective metaheuristic for the Minimum Latency Problem",
journal = "European Journal of Operational Research",
volume = "221",
number = "3",
pages = "513 - 520",
year = "2012",
issn = "0377-2217",
doi = "https://doi.org/10.1016/j.ejor.2012.03.044",
url = "http://www.sciencedirect.com/science/article/pii/S037722171200269X",
author = "Marcos Melo Silva and Anand Subramanian and Thibaut Vidal and Luiz Satoru Ochi",
keywords = "Metaheuristics, Minimum Latency Problem, GRASP, Iterated Local Search",
abstract = "The Minimum Latency Problem (MLP) is a variant of the Traveling Salesman Problem which aims to minimize the sum of arrival times at vertices. The problem arises in a number of practical applications such as logistics for relief supply, scheduling and data retrieval in computer networks. This paper introduces a simple metaheuristic for the MLP, based on a greedy randomized approach for solution construction and iterated variable neighborhood descent with random neighborhood ordering for solution improvement. Extensive computational experiments on nine sets of benchmark instances involving up to 1000 customers demonstrate the good performance of the method, which yields solutions of higher quality in less computational time when compared to the current best approaches from the literature. Optimal solutions, known for problems with up to 50 customers, are also systematically obtained in a fraction of seconds."
}

@BOOKLET {MARCONE2011,
    title   = "Inteligência Computacional para Otimização",
    author  = "Marcone Jamilson Freitas Souza",
    address = "Instituto de Ciências Exatas e Biológicas, Universidade Federal de Ouro Preto, 35400-000 Ouro Preto, MG",
    month   = "jan",
    year    = "2011"
}

@article{Stoer:1997:SMA:263867.263872,
 author = {Stoer, Mechthild and Wagner, Frank},
 title = {A Simple Min-cut Algorithm},
 journal = {J. ACM},
 issue_date = {July 1997},
 volume = {44},
 number = {4},
 month = jul,
 year = {1997},
 issn = {0004-5411},
 pages = {585--591},
 numpages = {7},
 url = {http://doi.acm.org/10.1145/263867.263872},
 doi = {10.1145/263867.263872},
 acmid = {263872},
 publisher = {ACM},
 address = {New York, NY, USA},
 keywords = {min-cut},
} 

@INCOLLECTION {denisnaddef,
    author  = "Denis Naddef",
    title   = "POLYHEDRAL THEORY AND BRANCH- AND-CUT ALGORITHMS FOR  THE SYMMETRIC TSP",
    chapter = "2",
    pages   = "84-85",
    address = "Laboratoire Informatique et Distribution, Institut National Polytechnique de Grenoble, France"
}

%%RELAXAÇAO
@misc{rl1,
  title = {Lagrangean Relaxation},
  howpublished = {\url{https://github.com/carlosvinicius01/kit-opt/blob/master/Relaxa%C3%A7%C3%A3o-Lagrangeana/LagrangianRelaxation.pdf}}
}

@misc{rl2,
  title = {TSP 1 tree},
  howpublished = {\url{https://github.com/carlosvinicius01/kit-opt/blob/master/Relaxa%C3%A7%C3%A3o-Lagrangeana/TSP-1-tree.pdf}}
}

@misc{rl3,
  title = {TSP 1 tree},
  howpublished = {\url{https://github.com/carlosvinicius01/kit-opt/blob/master/Relaxa%C3%A7%C3%A3o-Lagrangeana/relaxlag-2p.pdf}}
}

@BOOK {nelsonmaculanmarciah.costafampa2004,
    author = "Nelson Maculan and Marcia H Costa Fampa",
    title  = "Otimização Linear",
    year   = "2004"
}

% Branch-and-Price
@article{bpplib,
    author = {Delorme, Maxence and Iori, Manuel and Martello, Silvano},
    year = {2018},
    month = {03},
    pages = {1-16},
    title = {BPPLIB: a library for bin packing and cutting stock problems},
    volume = {12},
    journal = {Optimization Letters},
    doi = {10.1007/s11590-017-1192-z}
}

@article{Kantorovich1960,
    author = {Kantorovich, L. V.},
    title = {Mathematical Methods of Organizing and Planning Production},
    journal = {Management Science},
    volume = {6},
    number = {4},
    pages = {366-422},
    year = {1960},
    doi = {10.1287/mnsc.6.4.366},
    URL = {https://doi.org/10.1287/mnsc.6.4.366},
    eprint = {https://doi.org/10.1287/mnsc.6.4.366}
}

@misc{Bulhoes2019,
    author = {Teobaldo Bulhões},
    year = {2019},
    title = {Exemplo de solução para o {BPP}},
    note = {Notas de aula da disciplina Pesquisa Operacional, oferecida pelo Centro de Informática da Universidade Federal da Paraíba.}
}

@misc{CallbackCPLEX,
    author = {ILOG CPLEX Optimization Studio (IBM)},
    year = {2021},
    title = {What are callbacks?},
    howpublished = {\url{https://www.ibm.com/docs/en/icos/20.1.0?topic=callbacks-what-are}}
}